@String{++Proceedings = "Proceedings "}
@String{+ICML2014 = ++Proceedings # "of the 31st International Conference on
                  Machine Learning (ICML 2014)"}

@InProceedings{Reddy2011,
  author = 	"Reddy, Siva
		and McCarthy, Diana
		and Manandhar, Suresh",
  title = 	"An Empirical Study on Compositionality in Compound Nouns",
  booktitle = 	"Proceedings of 5th International Joint Conference on Natural Language Processing",
  year = 	"2011",
  publisher = 	"Asian Federation of Natural Language Processing",
  pages = 	"210--218",
  location = 	"Chiang Mai, Thailand",
  url = 	"http://aclweb.org/anthology/I11-1024"
}

@InProceedings{Ramisch2016,
  author = 	"Ramisch, Carlos
		and Cordeiro, Silvio
		and Zilio, Leonardo
		and Idiart, Marco
		and Villavicencio, Aline",
  title = 	"How Naked is the Naked Truth? A Multilingual Lexicon of Nominal Compound      Compositionality    ",
  booktitle = 	"Proceedings of the 54th Annual Meeting of the Association for      Computational Linguistics (Volume 2: Short Papers)    ",
  year = 	"2016",
  publisher = 	"Association for Computational Linguistics",
  pages = 	"156--161",
  location = 	"Berlin, Germany",
  doi = 	"10.18653/v1/P16-2026",
  url = 	"http://aclweb.org/anthology/P16-2026"
}

@InProceedings{Disco2011,
  author = 	"Biemann, Chris
		and Giesbrecht, Eugenie",
  title = 	"Distributional Semantics and Compositionality 2011: Shared Task Description and Results",
  booktitle = 	"Proceedings of the Workshop on Distributional Semantics and Compositionality",
  year = 	"2011",
  publisher = 	"Association for Computational Linguistics",
  pages = 	"21--28",
  location = 	"Portland, Oregon, USA",
  url = 	"http://aclweb.org/anthology/W11-1304"
}

@InProceedings{Hakimi2018,
  author = 	"Hakimi Parizi, Ali
		and Cook, Paul",
  title = 	"Do Character-Level Neural Network Language Models Capture Knowledge of Multiword Expression Compositionality?",
  booktitle = 	"Proceedings of the Joint Workshop on Linguistic Annotation, Multiword Expressions and Constructions (LAW-MWE-CxG-2018)",
  year = 	"2018",
  publisher = 	"Association for Computational Linguistics",
  pages = 	"185--192",
  location = 	"Santa Fe, New Mexico, USA",
  url = 	"http://aclweb.org/anthology/W18-4920"
}

@InProceedings{Nanda2018,
  author = 	"Nandakumar, Navnita
		and Salehi, Bahar
		and Baldwin, Timothy",
  title = 	"A Comparative Study of Embedding Models in Predicting the Compositionality of Multiword Expressions",
  booktitle = 	"Proceedings of the Australasian Language Technology Association Workshop 2018",
  year = 	"2018",
  pages = 	"71--76",
  location = 	"Dunedin, New Zealand",
  url = 	"http://aclweb.org/anthology/U18-1009"
}

@InProceedings{Baldwin2010,
  author = 	"Baldwin, Timothy
		and Su Nam Kim",
  title = 	"Multiword Expressions",
  booktitle = 	"Nitin Indurkhya and Fred J. Damerau (eds.) Handbook of Natural Language Processing, Second Edition, CRC Press",
  year = 	"2010",
  pages = 	"267-292",
  location = 	"Boca Raton, USA",
  url = 	"https://people.eng.unimelb.edu.au/tbaldwin/pubs/handbook2009.pdf"
}

@inproceedings{Coll2018,
author = "Collobert, Ronan and Weston, Jason",
year = "2008",
pages = "160-167",
title = "A unified architecture for natural language processing: Deep neural networks with multitask learning",
booktitle = "Proceedings of the 25th International Conference on Machine Learning",
doi = "10.1145/1390156.1390177"
}

@inproceedings{Mikolov2013,
author = "Mikolov, Tomas and Corrado, G.s and Chen, Kai and Dean, Jeffrey",
year = "2013",
pages = "1-12",
title = "Efficient Estimation of Word Representations in Vector Space",
booktitle = "Proceddings of Workshop at the International Conference on Learning Representations"
}


@InProceedings{Conneau2017,
  author = 	{Conneau, Alexis
		and Kiela, Douwe
		and Schwenk, Holger
		and Barrault, Lo{\"i}c
		and Bordes, Antoine},
  title = 	"Supervised Learning of Universal Sentence Representations from Natural      Language Inference Data    ",
  booktitle = 	"Proceedings of the 2017 Conference on Empirical Methods in Natural      Language Processing    ",
  year = 	"2017",
  pages = 	"670--680",
  location = 	"Copenhagen, Denmark",
  doi = 	"10.18653/v1/D17-1070",
  url = 	"http://aclweb.org/anthology/D17-1070"
}

@incollection{Mikolov2013b,
title = "Distributed Representations of Words and Phrases and their Compositionality",
author = "Mikolov, Tomas and Sutskever, Ilya and Chen, Kai and Corrado, Greg S and Dean, Jeff",
booktitle = "Advances in Neural Information Processing Systems 26",
editor = "C. J. C. Burges and L. Bottou and M. Welling and Z. Ghahramani and K. Q. Weinberger",
pages = "3111--3119",
year = "2013",
publisher = "Curran Associates, Inc.",
url = "http://papers.nips.cc/paper/5021-distributed-representations-of-words-and-phrases-and-their-compositionality.pdf"
}

@Article{Bojanowski2017,
  author = 	"Bojanowski, Piotr
		and Grave, Edouard
		and Joulin, Armand
		and Mikolov, Tomas",
  title = 	"Enriching Word Vectors with Subword Information",
  journal = 	"Transactions of the Association for Computational Linguistics",
  year = 	"2017",
  volume = 	"5",
  pages = 	"135--146",
  url = 	"http://aclweb.org/anthology/Q17-1010"
}

@inproceedings{Akbik2018,
  title="Contextual String Embeddings for Sequence Labeling",
  author="Akbik, Alan and Blythe, Duncan and Vollgraf, Roland",
  booktitle = "COLING 2018, 27th International Conference on Computational Linguistics",
  pages     = "1638--1649",
  year      = "2018"
}

@InProceedings{Peters2018,
  author = 	"Peters, Matthew
		and Neumann, Mark
		and Iyyer, Mohit
		and Gardner, Matt
		and Clark, Christopher
		and Lee, Kenton
		and Zettlemoyer, Luke",
  title = 	"Deep Contextualized Word Representations",
  booktitle = 	"Proceedings of the 2018 Conference of the North American Chapter of the      Association for Computational Linguistics: Human Language Technologies,      Volume 1 (Long Papers)    ",
  year = 	"2018",
  publisher = 	"Association for Computational Linguistics",
  pages = 	"2227--2237",
  location = 	"New Orleans, Louisiana",
  doi = 	"10.18653/v1/N18-1202",
  url = 	"http://aclweb.org/anthology/N18-1202"
}

@InProceedings{Conneau2017b,
  author    = {Conneau, Alexis  and  Kiela, Douwe  and  Schwenk, Holger  and  Barrault, Lo\"{i}c  and  Bordes, Antoine},
  title     = "Supervised Learning of Universal Sentence Representations from Natural Language Inference Data",
  booktitle = "Proceedings of the 2017 Conference on Empirical Methods in Natural Language Processing",
  year      = "2017",
  address   = "Copenhagen, Denmark",
  publisher = "Association for Computational Linguistics",
  pages     = "670--680",
  url       = "https://www.aclweb.org/anthology/D17-1070"
}

@inproceedings{Jeffrey2014,
  author = "Jeffrey Pennington and Richard Socher and Christopher D. Manning",
  booktitle = "Empirical Methods in Natural Language Processing (EMNLP)",
  title = "GloVe: Global Vectors for Word Representation",
  year = "2014",
  pages = "1532--1543",
  url = "http://www.aclweb.org/anthology/D14-1162",
}

@InProceedings{Salehi2015,
  author = 	"Salehi, Bahar
		and Cook, Paul
		and Baldwin, Timothy",
  title = 	"A Word Embedding Approach to Predicting the Compositionality of Multiword      Expressions     ",
  booktitle = 	"Proceedings of the 2015 Conference of the North American Chapter of the      Association for Computational Linguistics: Human Language Technologies     ",
  year = 	"2015",
  publisher = 	"Association for Computational Linguistics",
  pages = 	"977--983",
  location = 	"Denver, Colorado",
  doi = 	"10.3115/v1/N15-1099",
  url = 	"http://aclweb.org/anthology/N15-1099"
}

@article{Devlin2018,
  title="BERT: Pre-training of Deep Bidirectional Transformers for Language Understanding",
  author="Devlin, Jacob and Chang, Ming-Wei and Lee, Kenton and Toutanova, Kristina",
  journal="arXiv preprint arXiv:1810.04805",
  year="2018"
}

@InProceedings{Lau:Baldwin:2016b,
  author = 	 {Lau, Jey Han and Timothy Baldwin},
  title = 	 {An Empirical Evaluation of doc2vec with Practical Insights into Document Embedding Generation},
  booktitle = ++Proceedings # {of the 1st Workshop on Representation Learning for NLP},
  year = 	 2016,
  address = 	 {Berlin, Germany},
  pages = 	 {78--86}}


@inproceedings{Le+:2014, 
    Title = {Distributed Representations of Sentences and Documents}, 
    Author = {Le, Quoc and Mikolov, Tomas}, 
    Year = 2014, 
    Booktitle = +ICML2014, 
    Pages = {1188-1196},
    address = {Beijing, China}
   }

